@incollection{Maass2011,
author = {Maass, Wolfgang},
booktitle = {Computability in Context},
chapter = {Liquid Sta},
doi = {10.1142/9781848162778_0008},
month = {feb},
pages = {275--296},
publisher = {Imperial College Press},
title = {{Liquid State Machines: Motivation, Theory, and Applications}},
url = {http://www.worldscientific.com/doi/abs/10.1142/9781848162778{\_}0008},
year = {2011}
}
