@article{jeagerTut2002,
	author    = {Herbert Jäger},
	title     = {A tutorial on training recurrent neural networks, covering BPPT, RTRL, EKF and the ``echo state network`` approach},
	journal   = {GMD Report},
	volume    = {159},
	pages     = {48 ff.},
	year      = {2002},
	language  = {english}
}

@article{yildiz,
	author    = {Izzet Yildiz and Herbert Jäger and Stefan Kiebel},
	title     = {Re-visiting the echo state property},
	journal   = {Neural Networks},
	volume    = {35},
	pages     = {1--9},
	year      = {2012},
	language  = {english}
}

@article{jaeger2010,
	author    = {Herbert Jäger},
	title     = {The ``echo state`` approach to analysing and training recurrent neural networks - with an Erratum note},
	journal   = {GMD Report},
	volume    = {148},
	year      = {2001/2010},
	language  = {english}
}

@article{jaeger2007,
	author    = {Herbert Jäger and Mantas Lukoševičiusa and Dan Popovici and Udo Siewert},
	title     = {Optimization and applications of echo state networks with leaky- integrator neurons},
	journal   = {Neural Networks},
	volume    = {20},
	pages     = {335-352},
	year      = {2007},
	language  = {english}
}

@article{parlitz2005,
	author    = {Ulrich Parlitz and Alexander Hornstein},
	title     = {Dynamical Prediction of Chaotic Time Series},
	journal   = {Chaos and Complexity Letters},
	volume    = {1},
	number    = {2},
	pages     = {135-144},
	year      = {2005},
	language  = {english}
}


@article{lukoseviciusa2009,
	author    = {Mantas Lukoševičiusa and Herbert Jäger},
	title     = {Reservoir computing approaches to recurrent neural network training},
	journal   = {Computer Science Review},
	volume    = {3},
	number    = {3},
	pages     = {127-149},
	year      = {2009},
	language  = {english}
}

@TechReport{jaeger2012,
	author = {Herbert Jäger},
	title = {Long Short-Term Memory in Echo State Networks: Details of a Simulation 	Study},
	institution = {Jacobs University Bremen - School of Engineering and Science},
	year = {2012},
}

@article{caraballo2014,
	author    = {C. H. L´opez-Caraballo and I. Salfate and J. A. Lazz´us and P. Rojas and M Rivera and L. Palma-Chilla},
	title     = {Mackey–Glass noisy chaotic time series prediction by
a swarm-optimized neural network},
	journal   = {Journal of Physics: Conference Series},
	volume    = {720},
	number    = {1},
	year      = {2016},
	language  = {english}
}

@book{bishop,
  author    = {Cristopher M. Bishop},
  title     = {Pattern Recognition and Machine Learning},
  publisher = {Springer},
  year      = 2006,
  address   = {Cambridge},
  isbn      = {0-387-31073-8},
  pages     = {225--290}
}

@article{pascanu,
	author    = {Ravzan Pascanu and Tomas Mikolov and Yoshua Bengio},
	title     = {On the difficulty of training recurrent neural networks},
	journal   = {Proceedings of the 30th International Conference on Machine Learning},
	volume    = {28},
	year      = {2013},
	language  = {english}
}

@incollection{Maass2011,
	author = {Maass, Wolfgang},
	booktitle = {Computability in Context},
	pages = {275--296},
	publisher = {Imperial College Press},
	title = {{Liquid State Machines: Motivation, Theory, and Applications}},
	year = {2011}
}

@article{berg2011synchronization,
  title={Synchronization based system identification of an extended excitable system},
  author={Berg, Sebastian and Luther, Stefan and Parlitz, Ulrich},
  journal={Chaos: An Interdisciplinary Journal of Nonlinear Science},
  volume={21},
  number={3},
  pages={033104},
  year={2011},
  publisher={AIP}
}

@ARTICLE{Barkley:2008,
AUTHOR = {Barkley, Dwight },
TITLE   = {{B}arkley model},
YEAR    = {2008},
JOURNAL = {Scholarpedia},
VOLUME  = {3},
NUMBER  = {11},
PAGES   = {1877},
DOI     = {10.4249/scholarpedia.1877},
NOTE    = {revision \#91029}
}

@article{lowe2multi,
  title={Multi-variable functional interpolation and adaptive networks},
  author={Broomhead, D.S. and Lowe, D},
  journal={Complex Systems},
  volume={2},
  pages={321--355},
  year = {1988}
}

@article{talbot2013towards,
  title={Towards an interactive electromechanical model of the heart},
  author={Talbot, Hugo and Marchesseau, St{\'e}phanie and Duriez, Christian and Sermesant, Maxime and Cotin, St{\'e}phane and Delingette, Herv{\'e}},
  journal={Interface focus},
  volume={3},
  number={2},
  pages={20120091},
  year={2013},
  publisher={Royal Society}
}

@article{mitchell2003two,
  title={A two-current model for the dynamics of cardiac membrane},
  author={Mitchell, Colleen C and Schaeffer, David G},
  journal={Bulletin of mathematical biology},
  volume={65},
  number={5},
  pages={767--793},
  year={2003},
  publisher={Springer}
}

@book{kantz2004nonlinear,
  title={Nonlinear time series analysis},
  author={Kantz, Holger and Schreiber, Thomas},
  volume={7},
  year={2004},
  publisher={Cambridge University Press}
}

@book{bartocci2016computational,
  title={Computational Methods in Systems Biology: 14th International Conference, CMSB 2016, Cambridge, UK, September 21-23, 2016, Proceedings},
  author={Bartocci, Ezio and Lio, Pietro and Paoletti, Nicola},
  volume={9859},
  pages={134ff.},
  year={2016},
  publisher={Springer}
}

@article{bentley1975multidimensional,
  title={Multidimensional binary search trees used for associative searching},
  author={Bentley, Jon Louis},
  journal={Communications of the ACM},
  volume={18},
  number={9},
  pages={509--517},
  year={1975},
  publisher={ACM}
}

@incollection{de2000computational,
  title={Computational geometry},
  author={De Berg, Mark and Van Kreveld, Marc and Overmars, Mark and Schwarzkopf, Otfried Cheong},
  booktitle={Computational geometry},
  pages={1--17},
  year={2000},
  publisher={Springer}
}

@article{Ma2013,
	author = {Ma, Qian-Li and Chen, Wei-Biao},
	doi = {10.1016/j.neucom.2013.06.012},
	issn = {0925-2312},
	journal = {Neurocomputing},
	pages = {406--417},
	title = {{Modular state space of echo state network}},
	url = {http://www.sciencedirect.com/science/article/pii/S0925231213006206},
	volume = {122},
	year = {2013}
}

@online{scikitlearnneighbours,
author = {sckit-learn},
title = {Nearest Neighbours},
year = {2017},
url = {http://scikit-learn.org/stable/modules/neighbors.html},
urldate = {30-06-2017},
}

@article{Lu2017,
author = {Lu, Zhixin and Pathak, Jaideep and Hunt, Brian and Girvan, Michelle and Brockett, Roger and Ott, Edward},
doi = {10.1063/1.4979665},
isbn = {0474030474},
issn = {10541500},
journal = {Chaos},
number = {4},
title = {{Reservoir observers: Model-free inference of unmeasured variables in chaotic systems}},
volume = {27},
year = {2017}
}

@article{parlitz2000prediction,
  title={Prediction of spatiotemporal time series based on reconstructed local states},
  author={Parlitz, Ulrich and Merkwirth, Christian},
  journal={Physical review letters},
  volume={84},
  number={9},
  pages={1890},
  year={2000},
  publisher={APS}
}

@article{Bueno-Orovio2008,
doi = {10.1016/j.jtbi.2008.03.029},
file = {:C$\backslash$:/Users/Roland/Documents/Mendeley Desktop/Bueno-orovio, Cherry, Fenton - Minimal model for human ventricular action potentials in tissue - 2008 - Unknown.pdf:pdf},
isbn = {0022-5193},
issn = {00225193},
journal = {Journal of Theoretical Biology},
keywords = {Computer simulation,Human ventricular cell modeling,Reentrant arrhythmias,Restitution properties,Spiral waves},
number = {3},
pages = {544--560},
author={Bueno-Orovio, Alfonso and Cherry, Elizabeth M and Fenton, Flavio H},
pmid = {18495166},
title = {{Minimal model for human ventricular action potentials in tissue}},
volume = {253},
year = {2008}
}

@incollection{lukovsevivcius2012practical,
  title={A practical guide to applying echo state networks},
  author={Luko{\v{s}}evi{\v{c}}ius, Mantas},
  booktitle={Neural networks: tricks of the trade},
  pages={659--686},
  year={2012},
  publisher={Springer}
}






@article{berdondini2005high,
  title={High-density electrode array for imaging in vitro electrophysiological activity},
  author={Berdondini, Luca and Van Der Wal, PD and Guenat, Olivier and de Rooij, Nicolaas F and Koudelka-Hep, Milena and Seitz, P and Kaufmann, R and Metzler, P and Blanc, N and Rohr, S},
  journal={Biosensors and bioelectronics},
  volume={21},
  number={1},
  pages={167--174},
  year={2005},
  publisher={Elsevier}
}

@article{grynkiewicz1985new,
  title={A new generation of Ca2+ indicators with greatly improved fluorescence properties.},
  author={Grynkiewicz, Grzegorz and Poenie, Martin and Tsien, Roger Y},
  journal={Journal of Biological Chemistry},
  volume={260},
  number={6},
  pages={3440--3450},
  year={1985},
  publisher={ASBMB}
}

@article{ramanathan2004noninvasive,
  title={Noninvasive electrocardiographic imaging for cardiac electrophysiology and arrhythmia},
  author={Ramanathan, Charulatha and Ghanem, Raja N and Jia, Ping and Ryu, Kyungmoo and Rudy, Yoram},
  journal={Nature medicine},
  volume={10},
  number={4},
  pages={422},
  year={2004},
  publisher={NIH Public Access}
}